<record><leader>00000cas a22000007a 4500</leader><controlfield tag="001">22724865</controlfield><controlfield tag="008">901121c19799999maudn ne      0    0eng d</controlfield><datafield ind1=" " ind2=" " tag="010"><subfield code="a">sn 89062540 </subfield></datafield><datafield ind1=" " ind2=" " tag="040"><subfield code="a">MGN</subfield><subfield code="b">eng</subfield><subfield code="c">MGN</subfield><subfield code="d">OCLCQ</subfield></datafield><datafield ind1=" " ind2=" " tag="042"><subfield code="a">msc</subfield></datafield><datafield ind1="0" ind2=" " tag="130"><subfield code="a">News (Southbridge, Mass.)</subfield></datafield><datafield ind1="1" ind2="4" tag="245"><subfield code="a">The news.</subfield></datafield><datafield ind1=" " ind2=" " tag="260"><subfield code="a">Southbridge, Mass. :</subfield><subfield code="b">Loren F. Ghiglione</subfield></datafield><datafield ind1=" " ind2=" " tag="300"><subfield code="a">v.</subfield></datafield><datafield ind1=" " ind2=" " tag="310"><subfield code="a">Daily (except Sat. or Sun.)</subfield></datafield><datafield ind1="0" ind2=" " tag="362"><subfield code="a">Vol. 56, no. 258 (June 29, 1979)-</subfield></datafield><datafield ind1="1" ind2=" " tag="775"><subfield code="t">News plus</subfield><subfield code="w">(DLC)sn 89062550</subfield></datafield><datafield ind1="0" ind2="0" tag="780"><subfield code="t">Evening news (Southbridge, Mass.)</subfield><subfield code="w">(DLC)sn 89062539</subfield></datafield></record>